@misc{jacobi,
    title = {Eigenvalues and eigenvectors},
    author = {{Fedorov}, D. V.},
    howpublished = {\url{62.107.14.89/~fedorov/prog/numeric/book/eigen.pdf}},
}

@misc{linalg,
    title = {Systems of linear equations},
    author = {{Fedorov}, D. V.},
    howpublished = {\url{http://62.107.14.89/~fedorov/prog/numeric/book/lineq.pdf}},
}
