@misc{gsl,
    author = {{GSL}},
    title = {Ordinary Differential Equations},
    howpublished =  {\url{https://www.gnu.org/software/gsl/doc/html/ode-initval.html}},
}