@ONLINE{mymain,
	title = {Error function},
	author = {{Wikipedia}},
	urldate = {2019-04-25},
	url = "https://en.wikipedia.org/wiki/Error_function",
}


